[gd_scene load_steps=6 format=2]

[ext_resource path="res://Assets/GFX/Interface/PNG/metalPanel.png" type="Texture" id=1]
[ext_resource path="res://Assets/GFX/Interface/PNG/glassPanel.png" type="Texture" id=2]
[ext_resource path="res://Interface/Theme.tres" type="Theme" id=3]
[ext_resource path="res://Interface/Numpad.gd" type="Script" id=7]
[ext_resource path="res://Assets/PNG/dotWhite.png" type="Texture" id=8]

[node name="Numpad" type="Popup"]
margin_right = 300.0
margin_bottom = 400.0
theme = ExtResource( 3 )
script = ExtResource( 7 )
__meta__ = {
"_edit_use_anchors_": false
}

[node name="NinePatchRect" type="NinePatchRect" parent="."]
anchor_right = 1.0
anchor_bottom = 1.0
rect_min_size = Vector2( 300, 400 )
texture = ExtResource( 1 )
patch_margin_left = 10
patch_margin_top = 10
patch_margin_right = 10
patch_margin_bottom = 10
__meta__ = {
"_edit_use_anchors_": false
}

[node name="VBoxContainer" type="VBoxContainer" parent="."]
anchor_right = 1.0
anchor_bottom = 1.0
margin_left = 10.0
margin_top = 10.0
margin_right = -10.0
margin_bottom = -10.0
custom_constants/separation = 50
__meta__ = {
"_edit_use_anchors_": false
}

[node name="DisplayContainer" type="CenterContainer" parent="VBoxContainer"]
margin_right = 280.0
margin_bottom = 100.0

[node name="NinePatchRect" type="NinePatchRect" parent="VBoxContainer/DisplayContainer"]
margin_left = 15.0
margin_right = 265.0
margin_bottom = 100.0
rect_min_size = Vector2( 250, 100 )
texture = ExtResource( 2 )
patch_margin_left = 5
patch_margin_top = 5
patch_margin_right = 5
patch_margin_bottom = 5

[node name="Display" type="Label" parent="VBoxContainer/DisplayContainer"]
margin_left = 62.0
margin_top = 39.0
margin_right = 217.0
margin_bottom = 60.0
size_flags_horizontal = 3
text = "This is a label"
align = 1

[node name="ButtonContainer" type="CenterContainer" parent="VBoxContainer"]
margin_top = 150.0
margin_right = 280.0
margin_bottom = 322.0

[node name="GridContainer" type="GridContainer" parent="VBoxContainer/ButtonContainer"]
margin_left = 76.0
margin_right = 204.0
margin_bottom = 172.0
columns = 3

[node name="1" type="Button" parent="VBoxContainer/ButtonContainer/GridContainer"]
margin_right = 40.0
margin_bottom = 40.0
rect_min_size = Vector2( 40, 40 )
text = "1"

[node name="2" type="Button" parent="VBoxContainer/ButtonContainer/GridContainer"]
margin_left = 44.0
margin_right = 84.0
margin_bottom = 40.0
rect_min_size = Vector2( 40, 40 )
text = "2"

[node name="3" type="Button" parent="VBoxContainer/ButtonContainer/GridContainer"]
margin_left = 88.0
margin_right = 128.0
margin_bottom = 40.0
rect_min_size = Vector2( 40, 40 )
text = "3"

[node name="4" type="Button" parent="VBoxContainer/ButtonContainer/GridContainer"]
margin_top = 44.0
margin_right = 40.0
margin_bottom = 84.0
rect_min_size = Vector2( 40, 40 )
text = "4"

[node name="5" type="Button" parent="VBoxContainer/ButtonContainer/GridContainer"]
margin_left = 44.0
margin_top = 44.0
margin_right = 84.0
margin_bottom = 84.0
rect_min_size = Vector2( 40, 40 )
text = "5"

[node name="6" type="Button" parent="VBoxContainer/ButtonContainer/GridContainer"]
margin_left = 88.0
margin_top = 44.0
margin_right = 128.0
margin_bottom = 84.0
rect_min_size = Vector2( 40, 40 )
text = "6"

[node name="7" type="Button" parent="VBoxContainer/ButtonContainer/GridContainer"]
margin_top = 88.0
margin_right = 40.0
margin_bottom = 128.0
rect_min_size = Vector2( 40, 40 )
text = "7"

[node name="8" type="Button" parent="VBoxContainer/ButtonContainer/GridContainer"]
margin_left = 44.0
margin_top = 88.0
margin_right = 84.0
margin_bottom = 128.0
rect_min_size = Vector2( 40, 40 )
text = "8"

[node name="9" type="Button" parent="VBoxContainer/ButtonContainer/GridContainer"]
margin_left = 88.0
margin_top = 88.0
margin_right = 128.0
margin_bottom = 128.0
rect_min_size = Vector2( 40, 40 )
text = "9"

[node name="StatusLED" type="TextureRect" parent="VBoxContainer/ButtonContainer/GridContainer"]
margin_top = 132.0
margin_right = 40.0
margin_bottom = 172.0
texture = ExtResource( 8 )
expand = true
__meta__ = {
"_edit_use_anchors_": false
}

[node name="0" type="Button" parent="VBoxContainer/ButtonContainer/GridContainer"]
margin_left = 44.0
margin_top = 132.0
margin_right = 84.0
margin_bottom = 172.0
rect_min_size = Vector2( 40, 40 )
text = "0"

[node name="OK" type="Button" parent="VBoxContainer/ButtonContainer/GridContainer"]
margin_left = 88.0
margin_top = 132.0
margin_right = 128.0
margin_bottom = 172.0
rect_min_size = Vector2( 40, 40 )
text = "OK"

[node name="AudioStreamPlayer" type="AudioStreamPlayer" parent="."]

[node name="Timer" type="Timer" parent="."]
one_shot = true
[connection signal="timeout" from="Timer" to="." method="_on_Timer_timeout"]
